101 281074114 1234567891412311424A094101Pulaski Bank           Zipline Labs Inc.      #A000001
5220Zipline Labs Inc                    0983597258WEBZip TransfJan 6 141231   1281073550000000
622081000210123456789012345670000352100RAj##23920rjf31Glen Selle            A10281074110000001
822000000100000000000000000000000000000000000983597258                         281073550000000
5220Zipline Labs Inc                    0983597258WEBZip TransfJan 6 141231   1281073550000000
622081000210123456789012345670000352100RAj##23920rjf31Glen Selle            A10281074110000002
622081000210123456789012345670000352100RAj##23920rjf31Glen Selle            A10281074110000003
822000000200000000000000000000000000000000000983597258                         281073550000000
9000000000000000000020024300063000000000000000000000000                                       
9999999999999999999999999999999999999999999999999999999999999999999999999999999999999999999999
9999999999999999999999999999999999999999999999999999999999999999999999999999999999999999999999