101 281074114 1234567891501011054A094101Pulaski Bank           Zipline Labs Inc.      #A000001
5220Zipline Labs Inc                    0983597258WEBZip TransfJan 2 150102   1281073550000000
622081000210123456789012345670000003521RAj##23920rjf31Glen Selle            A10281074110000001
822000000100081000210000000000000000000035210983597258                         281073550000000
5220Zipline Labs Inc                    0983597258WEBZip TransfJan 13150113   1281073550000001
822000000000000000000000000000000000000000000983597258                         281073550000001
5225Zipline Labs Inc                    0983597258PPDZip TransfJan 5 150105   1281073550000002
627101000019923698412584     0000003521RAj##23920rjf31Tom Horner            A10281074110000002
822500000100101000010000000035210000000000000983597258                         281073550000002
9000003000000000000020018200022000000003521000000003521                                       
9999999999999999999999999999999999999999999999999999999999999999999999999999999999999999999999
9999999999999999999999999999999999999999999999999999999999999999999999999999999999999999999999