101 281074114 1234567891501010003A094101Pulaski Bank           Zipline Labs Inc.      #A000001
5225Zipline Labs Inc                    0983597258PPDZip TransfJan 5 150105   1281073550000000
822500000100000000000000000000000000000000000983597258                         281073550000008
5225Zipline Labs Inc                    0983597258PPDZip TransfJan 5 150105   1281073550000000
822500000100000000000000000000000000000000000983597258                         281073550000008
5225Zipline Labs Inc                    0983597258PPDZip TransfJan 5 150105   1281073550000000
627101000019923698412584     0000003521RAj##23920rjf31Tom Horner            A10281074110000001
822500000100101000010000000035210000000000000983597258                         281073550000008
9000000000000000000030010100001000000000000000000000000                                       
9999999999999999999999999999999999999999999999999999999999999999999999999999999999999999999999
9999999999999999999999999999999999999999999999999999999999999999999999999999999999999999999999
9999999999999999999999999999999999999999999999999999999999999999999999999999999999999999999999
9999999999999999999999999999999999999999999999999999999999999999999999999999999999999999999999
9999999999999999999999999999999999999999999999999999999999999999999999999999999999999999999999
9999999999999999999999999999999999999999999999999999999999999999999999999999999999999999999999
9999999999999999999999999999999999999999999999999999999999999999999999999999999999999999999999
9999999999999999999999999999999999999999999999999999999999999999999999999999999999999999999999
9999999999999999999999999999999999999999999999999999999999999999999999999999999999999999999999