101 281074114 1234567891412311543A094101Pulaski Bank           Zipline Labs Inc.      #A000001
5225Zipline Labs Inc                    0983597258PPDZip TransfJan 1 141231   1281073550000000
627101000019923698412584     0000003521RAj##23920rjf31Tom Horner            A10281074110000001
627101000019923698412584     0000003521RAj##23920rjf31Tom Horner            A10281074110000002
822500000200202000020000000070420000000000000983597258                         281073550000000
5225Zipline Labs Inc                    0983597258PPDZip TransfJan 1 141231   1281073550000001
627101000019923698412584     0000003521RAj##23920rjf31Tom Horner            A10281074110000003
822500000100101000010000000035210000000000000983597258                         281073550000001
5225Zipline Labs Inc                    0983597258PPDZip TransfJan 1 141231   1281073550000002
627101000019923698412584     0000003521RAj##23920rjf31Tom Horner            A10281074110000004
822500000100101000010000000035210000000000000983597258                         281073550000002
9000003000000000000040040400004000000014084000000000                                       
9999999999999999999999999999999999999999999999999999999999999999999999999999999999999999999999
9999999999999999999999999999999999999999999999999999999999999999999999999999999999999999999999
9999999999999999999999999999999999999999999999999999999999999999999999999999999999999999999999
9999999999999999999999999999999999999999999999999999999999999999999999999999999999999999999999
9999999999999999999999999999999999999999999999999999999999999999999999999999999999999999999999
9999999999999999999999999999999999999999999999999999999999999999999999999999999999999999999999
9999999999999999999999999999999999999999999999999999999999999999999999999999999999999999999999
9999999999999999999999999999999999999999999999999999999999999999999999999999999999999999999999
9999999999999999999999999999999999999999999999999999999999999999999999999999999999999999999999